@misc{Atlassian,
    author = "{Atlassian}",
    title = "Git Pull | Atlassian Git Tutorial",
    note = "See \url{https://www.atlassian.com/git/tutorials/syncing/git-pull}"
}

@misc{DatSec,
    author = "{IBM}",
    title = "What is data security? Definition, solutions and how to secure data",
    year = 2021,
    note = "See \url{https://www.ibm.com/topics/data-security}"
}

@misc{DataVisual,
    author = "{IBM}",
    title = "What is data visualization?",
    year = 2021,
    note = "See \url{https://www.ibm.com/topics/data-visualization}"}
	
@misc{DevinAI,
    author = "{Chibuezeadeyemi}",
    title = "Devin, the AI Software Engineer: A Review",
    year = 2024,
    note = "See \url{https://medium.com/@chibuezeadeyemi/devin-the-ai-software-engineer-a-review-c2a7ef3b3943}"
}

@misc{MeasurableSW,
    author = "{Stack Overflow}",
    title = "Measurable and meaningful skill levels for developers",
    year = 2022,
    note = "See \url{https://stackoverflow.blog/2022/07/28/measurable-and-meaningful-skill-levels-for-developers/}"
}

@misc{MRisks,
    author = "{Safe Work Australia}",
    title = "Managing risks | Safe Work Australia",
    year = 2023,
    note = "See \url{https://www.safeworkaustralia.gov.au/safety-topic/managing-health-and-safety/identify-assess-and-control-hazards/managing-risks#:~:text=Risk%20management%20involves%20thinking%20about}"
}
@misc{sfia,
    author = "{SFIA}",
    title = "The global skills and competency framework for the digital world",
    year = 2022,
    note = "See \url{https://sfia-online.org/en/sfia-8/all-skills-a-z%7D}%7D"
}

@misc{SecMgm,
    author = "{Nate Lord}",
    title = "What is Security Incident Management? The Cybersecurity Incident Management Process, Examples, Best Practices, and More",
    year = 2022,
    note = "See \url{https://www.digitalguardian.com/blog/what-security-incident-management-cybersecurity-incident-management-process-examples-best}"
}
@misc{softdev,
    author = "{Shannon England}",
    title = "Using SFIA Framework in Software Development",
    year = 2021
    note = "See \url{https://workingmouse.com.au/software-development/using-sfia-framework-in-software-development/ }"
}
@misc{usyd1,
    author = "{The University of Sydney}",
    title = "Referencing and Citation Styles: {IEEE}",
    year = 2022,
    note = "See \url{https://libguides.library.usyd.edu.au/c.php?g=508212}"
}




